<?xml version="1.0" encoding="UTF-8"?>
<record xmlns="http://www.loc.gov/MARC21/slim">
   <leader>01247cam a2200241Ma 4500</leader>
   <controlfield tag="001">1685138</controlfield>
   <controlfield tag="003">NjP</controlfield>
   <controlfield tag="005">20170301175114.0</controlfield>
   <controlfield tag="008">060893s1953    ua       b    001 0 arard</controlfield>
   <datafield tag="024" ind1="7" ind2=" ">
      <subfield code="a">princeton_aco004624</subfield>
      <subfield code="2">local</subfield>
   </datafield>
   <datafield ind1=" " ind2=" " tag="035">
      <subfield code="a">(OCoLC)ocn316086554</subfield>
   </datafield>
   <datafield ind1=" " ind2=" " tag="035">
      <subfield code="a">(CStRLIN)RLINGEAC01943980-B</subfield>
   </datafield>
   <datafield ind1=" " ind2=" " tag="035">
      <subfield code="9">CFK8270TS</subfield>
   </datafield>
   <datafield ind1=" " ind2=" " tag="040">
      <subfield code="a">LGG</subfield>
      <subfield code="c">LGG</subfield>
      <subfield code="d">NjP</subfield>
   </datafield>
   <datafield ind1=" " ind2=" " tag="035">
      <subfield code="a">(OCoLC)316086554</subfield>
   </datafield>
   <datafield ind1=" " ind2="4" tag="050">
      <subfield code="a">BP80.S48</subfield>
      <subfield code="b">I25 1953a</subfield>
   </datafield>
   <datafield ind1="1" ind2=" " tag="100">
      <subfield code="a">Ibn Abī Ḥātim, ʻAbd al-Raḥmān ibn Muḥammad,</subfield>
      <subfield code="d">854 or 855-938.</subfield>
      <subfield code="0">http://id.loc.gov/authorities/names/n85271719</subfield>
   </datafield>
   <datafield ind1="1" ind2="0" tag="245">
      <subfield code="a">Ādāb al-Shāfiʻī wa-manāqibuh :</subfield>
      <subfield code="b">Ḥadīth wa-fiqh, firāsah wa-ṭibb, tārīkh wa-adab, lughah wa-nasab /</subfield>
      <subfield code="c">Abī Muḥammad ʻAbd al-Raḥmān ibn Abī Ḥatim al-Rāzī ; kataba kalimah ʻanhu Muḥammad Zāhid ibn al-Ḥasan al-Kawtharī ; qaddama lahu ; wa-ḥaqqaqa aṣlahu, wa-ʻallaqa ʻalayhi ʻAbd al-Ghanī ʻAbd al-Khāliq.</subfield>
   </datafield>
   <datafield ind1=" " ind2=" " tag="260">
      <subfield code="a">[Miṣr] :</subfield>
      <subfield code="b">Maktabat Nashr al-Thaqāfah al-Islāmīyah,</subfield>
      <subfield code="c">1953.</subfield>
   </datafield>
   <datafield ind1=" " ind2=" " tag="300">
      <subfield code="a">388 p. ;</subfield>
      <subfield code="c">25 cm.</subfield>
   </datafield>
   <datafield ind1=" " ind2=" " tag="504">
      <subfield code="a">Includes bibliographical references and indexes.</subfield>
   </datafield>
   <datafield ind1="1" ind2="0" tag="600">
      <subfield code="a">Shāfiʻī, Muḥammad ibn Idrīs,</subfield>
      <subfield code="d">767 or 768-820</subfield>
      <subfield code="x">Criticism and interpretation.</subfield>
   </datafield>
   <datafield ind1="1" ind2=" " tag="700">
      <subfield code="a">ʻAbd al-Khāliq, ʻAbd al-Ghanī.</subfield>
   </datafield>
   <datafield ind1=" " ind2=" " tag="999">
      <subfield code="a">1685138</subfield>
   </datafield>
   <datafield ind1=" " ind2=" " tag="902">
      <subfield code="a">se</subfield>
      <subfield code="b">r</subfield>
      <subfield code="6">a</subfield>
      <subfield code="7">m</subfield>
      <subfield code="d">v</subfield>
      <subfield code="f">0</subfield>
      <subfield code="e">20110315</subfield>
   </datafield>
   <datafield ind1="8" ind2=" " tag="852">
      <subfield code="0">1941787</subfield>
      <subfield code="b">rcppa</subfield>
      <subfield code="t">0</subfield>
      <subfield code="h">2271.4061.311</subfield>
      <subfield code="x">tr fr f</subfield>
   </datafield>
   <datafield ind1=" " ind2=" " tag="959">
      <subfield code="a">2000-06-13 00:00:00 -0500</subfield>
   </datafield>
</record>
